@inproceedings{kendall2019learning,
  title={Learning to drive in a day},
  author={Kendall, Alex and Hawke, Jeffrey and Janz, David and Mazur, Przemyslaw and Reda, Daniele and Allen, John-Mark and Lam, Vinh-Dieu and Bewley, Alex and Shah, Amar},
  booktitle={2019 International Conference on Robotics and Automation (ICRA)},
  pages={8248--8254},
  year={2019},
  organization={IEEE}
}
