@inproceedings{ort2018autonomous,
	title={Autonomous vehicle navigation in rural environments without detailed prior maps},
	author={Ort, Teddy and Paull, Liam and Rus, Daniela},
	booktitle={2018 IEEE International Conference on Robotics and Automation (ICRA)},
	pages={2040--2047},
	year={2018},
	organization={IEEE}
}

@inproceedings{gu2017deep,
	title={Deep reinforcement learning for robotic manipulation with asynchronous off-policy updates},
	author={Gu, Shixiang and Holly, Ethan and Lillicrap, Timothy and Levine, Sergey},
	booktitle={2017 IEEE international conference on robotics and automation (ICRA)},
	pages={3389--3396},
	year={2017},
	organization={IEEE}
}


@book{sutton2018reinforcement,
  title={Reinforcement learning: An introduction},
  author={Sutton, Richard S and Barto, Andrew G},
  year={2018},
  publisher={MIT press}
}

@article{watkins1989learning,
	title={Learning from delayed rewards},
	author={Watkins, Christopher John Cornish Hellaby},
	year={1989},
	publisher={King's College, Cambridge}
}


@book{lapan2018deep,
	title={Deep Reinforcement Learning Hands-On: Apply modern RL methods, with deep Q-networks, value iteration, policy gradients, TRPO, AlphaGo Zero and more},
	author={Lapan, Maxim},
	year={2018},
	publisher={Packt Publishing Ltd}
}


@online{openai2018spinningup,
	author = {OpenAI},
	title = {{Open AI} Spinning Up},
	year = {2019},
	note = {\href{https://web.archive.org/web/20190729131615/https://spinningup.openai.com/en/latest/}{https://spinningup.openai.com/}},
	urldate = {2019-07-29}
}

@online{cozmo2019SDK,
	author = {Anki},
	title = {Github repository of {Cozmo SDK} written in Python},
	year = {2019},
	note = {\href{https://github.com/anki/cozmo-python-sdk}{https://github.com/anki/cozmo-python-sdk}}
}



@article{silver2016mastering,
	title={Mastering the game of Go with deep neural networks and tree search},
	author={Silver, David and Huang, Aja and Maddison, Chris J and Guez, Arthur and Sifre, Laurent and Van Den Driessche, George and Schrittwieser, Julian and Antonoglou, Ioannis and Panneershelvam, Veda and Lanctot, Marc and others},
	journal={nature},
	volume={529},
	number={7587},
	pages={484},
	year={2016},
	publisher={Nature Publishing Group}
}

@article{silver2017mastering,
	title={Mastering chess and shogi by self-play with a general reinforcement learning algorithm},
	author={Silver, David and Hubert, Thomas and Schrittwieser, Julian and Antonoglou, Ioannis and Lai, Matthew and Guez, Arthur and Lanctot, Marc and Sifre, Laurent and Kumaran, Dharshan and Graepel, Thore and others},
	journal={arXiv preprint arXiv:1712.01815},
	year={2017}
}


@article{mnih2013playing,
	title={Playing atari with deep reinforcement learning},
	author={Mnih, Volodymyr and Kavukcuoglu, Koray and Silver, David and Graves, Alex and Antonoglou, Ioannis and Wierstra, Daan and Riedmiller, Martin},
	journal={arXiv preprint arXiv:1312.5602},
	year={2013}
}


@unpublished{silver2015lectures,
	Author = {David Silver},
	Institution = {University College London},
	Year = {2015},
	Title = {University College London Course on Reinforcement Learning},
	note = {\href{https://web.archive.org/web/20190731043016/http://www0.cs.ucl.ac.uk/staff/d.silver/web/Teaching.html}{http://www0.cs.ucl.ac.uk/staff/d.silver/web/Teaching.html}}
}

@article{kendall2018learning,
	title={Learning to Drive in a Day},
	author={Kendall, Alex and Hawke, Jeffrey and Janz, David and Mazur, Przemyslaw and Reda, Daniele and Allen, John-Mark and Lam, Vinh-Dieu and Bewley, Alex and Shah, Amar},
	journal={arXiv preprint arXiv:1807.00412},
	year={2018}
}

@article{lillicrap2015continuous,
	title={Continuous control with deep reinforcement learning},
	author={Lillicrap, Timothy P and Hunt, Jonathan J and Pritzel, Alexander and Heess, Nicolas and Erez, Tom and Tassa, Yuval and Silver, David and Wierstra, Daan},
	journal={arXiv preprint arXiv:1509.02971},
	year={2015}
}
@article{brockman2016openai,
	title={Openai gym, 2016},
	author={Brockman, Greg and Cheung, Vicki and Pettersson, Ludwig and Schneider, Jonas and Schulman, John and Tang, Jie and Zaremba, Wojciech},
	journal={arXiv preprint arXiv:1606.01540},
	year={2016}
}

@article{mnih2015human,
	title={Human-level control through deep reinforcement learning},
	author={Mnih, Volodymyr and Kavukcuoglu, Koray and Silver, David and Rusu, Andrei A and Veness, Joel and Bellemare, Marc G and Graves, Alex and Riedmiller, Martin and Fidjeland, Andreas K and Ostrovski, Georg and others},
	journal={Nature},
	volume={518},
	number={7540},
	pages={529},
	year={2015},
	publisher={Nature Publishing Group}
}

@article{schaul2015prioritized,
	title={Prioritized experience replay},
	author={Schaul, Tom and Quan, John and Antonoglou, Ioannis and Silver, David},
	journal={arXiv preprint arXiv:1511.05952},
	year={2015}
}

@article{uhlenbeck1930theory,
	title={On the theory of the Brownian motion},
	author={Uhlenbeck, George E and Ornstein, Leonard S},
	journal={Physical review},
	volume={36},
	number={5},
	pages={823},
	year={1930},
	publisher={APS}
}


